% This file was created with JabRef 2.6.
% Encoding: Cp1257


@book{dumas2008business,
	title={Business process management},
	author={Dumas, Marlon and Reichert, Manfred and Shan, Ming-Chien},
	year={2008},
	publisher={Springer}
}


@article{weske2007business,
	title={Business process management architectures},
	author={Weske, Mathias},
	journal={Business Process Management: Concepts, Languages, Architectures},
	pages={305--343},
	year={2007},
	publisher={Springer}
}

@incollection{van2016data,
	title={Data science in action},
	author={Van Der Aalst, Wil},
	booktitle={Process mining},
	pages={3--23},
	year={2016},
	publisher={Springer}
}

@article{teinemaa2019outcome,
	title={Outcome-oriented predictive process monitoring: Review and benchmark},
	author={Teinemaa, Irene and Dumas, Marlon and Rosa, Marcello La and Maggi, Fabrizio Maria},
	journal={ACM Transactions on Knowledge Discovery from Data (TKDD)},
	volume={13},
	number={2},
	pages={1--57},
	year={2019},
	publisher={ACM New York, NY, USA}
}


@article{senderovich2019knowledge,
	title={From knowledge-driven to data-driven inter-case feature encoding in predictive process monitoring},
	author={Senderovich, Arik and Di Francescomarino, Chiara and Maggi, Fabrizio Maria},
	journal={Information Systems},
	volume={84},
	pages={255--264},
	year={2019},
	publisher={Elsevier}
}

@inproceedings{prokhorenkova2018catboost,
	title={CatBoost: unbiased boosting with categorical features},
	author={Prokhorenkova, Liudmila and Gusev, Gleb and Vorobev, Aleksandr and Dorogush, Anna Veronika and Gulin, Andrey},
	booktitle={Advances in neural information processing systems},
	pages={6638--6648},
	year={2018}
}

@article{edwards1991discrete,
	title={Discrete wavelet transforms: Theory and implementation},
	author={Edwards, Tim},
	journal={Universidad de},
	pages={28--35},
	year={1991},
	publisher={Citeseer}
}

@inproceedings{bergstra2013hyperopt,
	title={Hyperopt: A python library for optimizing the hyperparameters of machine learning algorithms},
	author={Bergstra, James and Yamins, Dan and Cox, David D},
	booktitle={Proceedings of the 12th Python in science conference},
	pages={13--20},
	year={2013},
	organization={Citeseer}
}

@article{bradley1997use,
	title={The use of the area under the ROC curve in the evaluation of machine learning algorithms},
	author={Bradley, Andrew P},
	journal={Pattern recognition},
	volume={30},
	number={7},
	pages={1145--1159},
	year={1997}
}


@article{platt1999probabilistic,
	title={Probabilistic outputs for support vector machines and comparisons to regularized likelihood methods},
	author={Platt, John and others},
	journal={Advances in large margin classifiers},
	volume={10},
	number={3},
	pages={61--74},
	year={1999},
	publisher={Cambridge, MA}
}

@article{xing2012early,
	title={Early classification on time series},
	author={Xing, Zhengzheng and Pei, Jian and Philip, S Yu},
	journal={Knowledge and information systems},
	volume={31},
	number={1},
	pages={105--127},
	year={2012},
	publisher={Springer}
}

@article{mori2017reliable,
	title={Reliable early classification of time series based on discriminating the classes over time},
	author={Mori, Usue and Mendiburu, Alexander and Keogh, Eamonn and Lozano, Jose A},
	journal={Data mining and knowledge discovery},
	volume={31},
	number={1},
	pages={233--263},
	year={2017},
	publisher={Springer}
}

@inproceedings{santos2016literature,
	title={A Literature Survey of Early Time Series Classification and Deep Learning.},
	author={Santos, Tiago and Kern, Roman},
	booktitle={Sami@ iknow},
	year={2016}
}
@article{xing2010brief,
	title={A brief survey on sequence classification},
	author={Xing, Zhengzheng and Pei, Jian and Keogh, Eamonn},
	journal={ACM Sigkdd Explorations Newsletter},
	volume={12},
	number={1},
	pages={40--48},
	year={2010},
	publisher={ACM New York, NY, USA}
}

@inproceedings{leontjeva2016complex,
	title={Complex symbolic sequence encodings for predictive monitoring of business processes},
	author={Leontjeva, Anna and Conforti, Raffaele and Di Francescomarino, Chiara and Dumas, Marlon and Maggi, Fabrizio Maria},
	booktitle={International Conference on Business Process Management},
	pages={297--313},
	year={2016},
	organization={Springer}
}

@inproceedings{di2017eye,
	title={An eye into the future: leveraging a-priori knowledge in predictive business process monitoring},
	author={Di Francescomarino, Chiara and Ghidini, Chiara and Maggi, Fabrizio Maria and Petrucci, Giulio and Yeshchenko, Anton},
	booktitle={International Conference on Business Process Management},
	pages={252--268},
	year={2017},
	organization={Springer}
}


@inproceedings{lin2015reliable,
	title={Reliable early classification on multivariate time series with numerical and categorical attributes},
	author={Lin, Yu-Feng and Chen, Hsuan-Hsu and Tseng, Vincent S and Pei, Jian},
	booktitle={Pacific-Asia Conference on Knowledge Discovery and Data Mining},
	pages={199--211},
	year={2015},
	organization={Springer}
}

@inproceedings{verenich2016complex,
	title={Complex symbolic sequence clustering and multiple classifiers for predictive process monitoring},
	author={Verenich, Ilya and Dumas, Marlon and La Rosa, Marcello and Maggi, Fabrizio Maria and Di Francescomarino, Chiara},
	booktitle={International Conference on Business Process Management},
	pages={218--229},
	year={2016},
	organization={Springer}
}

@article{de2016general,
	title={A general process mining framework for correlating, predicting and clustering dynamic behavior based on event logs},
	author={De Leoni, Massimiliano and van der Aalst, Wil MP and Dees, Marcus},
	journal={Information Systems},
	volume={56},
	pages={235--257},
	year={2016},
	publisher={Elsevier}
}

@inproceedings{maggi2014predictive,
	title={Predictive monitoring of business processes},
	author={Maggi, Fabrizio Maria and Di Francescomarino, Chiara and Dumas, Marlon and Ghidini, Chiara},
	booktitle={International conference on advanced information systems engineering},
	pages={457--472},
	year={2014},
	organization={Springer}
}

@article{di2017clustering,
	title={Clustering-based predictive process monitoring},
	author={Di Francescomarino, Chiara and Dumas, Marlon and Maggi, Fabrizio Maria and Teinemaa, Irene},
	journal={IEEE transactions on services computing},
	volume={12},
	number={6},
	pages={896--909},
	year={2017},
	publisher={IEEE}
}

@inproceedings{grigori2001improving,
	title={Improving business process quality through exception understanding, prediction, and prevention},
	author={Grigori, Daniela and Casati, Fabio and Dayal, Umeshwar and Shan, Ming-Chien},
	booktitle={VLDB},
	volume={1},
	pages={159--168},
	year={2001}
}

@article{conforti2015recommendation,
	title={A recommendation system for predicting risks across multiple business process instances},
	author={Conforti, Raffaele and de Leoni, Massimiliano and La Rosa, Marcello and van der Aalst, Wil MP and ter Hofstede, Arthur HM},
	journal={Decision Support Systems},
	volume={69},
	pages={1--19},
	year={2015},
	publisher={Elsevier}
}

@inproceedings{schwegmann2013method,
	title={A Method and Tool for Predictive Event-Driven Process Analytics.},
	author={Schwegmann, Bernd and Matzner, Martin and Janiesch, Christian},
	booktitle={Wirtschaftsinformatik},
	pages={46},
	year={2013}
}

@inproceedings{lakshmanan2010predictive,
	title={Predictive analytics for semi-structured case oriented business processes},
	author={Lakshmanan, Geetika T and Duan, Songyun and Keyser, Paul T and Curbera, Francisco and Khalaf, Rania},
	booktitle={International Conference on Business Process Management},
	pages={640--651},
	year={2010},
	organization={Springer}
}

@inproceedings{van2012process,
	title={Process prediction in noisy data sets: a case study in a dutch hospital},
	author={Van Der Spoel, Sjoerd and Van Keulen, Maurice and Amrit, Chintan},
	booktitle={International Symposium on Data-Driven Process Discovery and Analysis},
	pages={60--83},
	year={2012},
	organization={Springer}
}

@article{van2010process,
	title={Process mining: a two-step approach to balance between underfitting and overfitting},
	author={Van der Aalst, Wil MP and Rubin, Vladimir and Verbeek, HMW and van Dongen, Boudewijn F and Kindler, Ekkart and G{\"u}nther, Christian W},
	journal={Software \& Systems Modeling},
	volume={9},
	number={1},
	pages={87},
	year={2010},
	publisher={Springer}
}

@inproceedings{maggi2014predictive,
	title={Predictive monitoring of business processes},
	author={Maggi, Fabrizio Maria and Di Francescomarino, Chiara and Dumas, Marlon and Ghidini, Chiara},
	booktitle={International conference on advanced information systems engineering},
	pages={457--472},
	year={2014},
	organization={Springer}
}

@article{ghattas2014improving,
	title={Improving business process decision making based on past experience},
	author={Ghattas, Johny and Soffer, Pnina and Peleg, Mor},
	journal={Decision Support Systems},
	volume={59},
	pages={93--107},
	year={2014},
	publisher={Elsevier}
}

@inproceedings{schwegmann2013method,
	title={A Method and Tool for Predictive Event-Driven Process Analytics.},
	author={Schwegmann, Bernd and Matzner, Martin and Janiesch, Christian},
	booktitle={Wirtschaftsinformatik},
	pages={46},
	year={2013}
}

@inproceedings{prokhorenkova2018catboost,
	title={CatBoost: unbiased boosting with categorical features},
	author={Prokhorenkova, Liudmila and Gusev, Gleb and Vorobev, Aleksandr and Dorogush, Anna Veronika and Gulin, Andrey},
	booktitle={Advances in neural information processing systems},
	pages={6638--6648},
	year={2018}
}

@inproceedings{ke2017lightgbm,
	title={Lightgbm: A highly efficient gradient boosting decision tree},
	author={Ke, Guolin and Meng, Qi and Finley, Thomas and Wang, Taifeng and Chen, Wei and Ma, Weidong and Ye, Qiwei and Liu, Tie-Yan},
	booktitle={Advances in neural information processing systems},
	pages={3146--3154},
	year={2017}
}
@article{weeks2003discrete,
	title={Discrete wavelet transform: architectures, design and performance issues},
	author={Weeks, Michael and Bayoumi, Magdy},
	journal={Journal of VLSI signal processing systems for signal, image and video technology},
	volume={35},
	number={2},
	pages={155--178},
	year={2003},
	publisher={Springer}
}

@article{taymouri2019business,
	title={Business Process Variant Analysis based on Mutual Fingerprints of Event Logs},
	author={Taymouri, Farbod and La Rosa, Marcello and Carmona, Josep},
	journal={arXiv preprint arXiv:1912.10598},
	year={2019}
}

@book{strang1993introduction,
	title={Introduction to linear algebra},
	author={Strang, Gilbert and Strang, Gilbert and Strang, Gilbert and Strang, Gilbert},
	volume={3},
	year={1993},
	publisher={Wellesley-Cambridge Press Wellesley, MA}
}

@article{santoso1997power,
	title={Power quality disturbance data compression using wavelet transform methods},
	author={Santoso, Surya and Powers, Edward J and Grady, W Mack},
	journal={IEEE Transactions on Power Delivery},
	volume={12},
	number={3},
	pages={1250--1257},
	year={1997},
	publisher={IEEE}
}


@inproceedings{rao1976orthogonal,
	title={Orthogonal transforms for digital signal processing},
	author={Rao, K and Ahmed, Nasir},
	booktitle={ICASSP'76. IEEE International Conference on Acoustics, Speech, and Signal Processing},
	volume={1},
	pages={136--140},
	year={1976},
	organization={IEEE}
}

@book{shumway2017time,
	title={Time series analysis and its applications: with R examples},
	author={Shumway, Robert H and Stoffer, David S},
	year={2017},
	publisher={Springer}
}

@book{aggarwal2015data,
	title={Data mining: the textbook},
	author={Aggarwal, Charu C},
	year={2015},
	publisher={Springer}
}

@article{bakshi1999multiscale,
	title={Multiscale analysis and modeling using wavelets},
	author={Bakshi, Bhavik R},
	journal={Journal of chemometrics},
	volume={13},
	number={3-4},
	pages={415--434},
	year={1999},
	publisher={Wiley Online Library}
}

@article{senderovich2019knowledge,
	title={From knowledge-driven to data-driven inter-case feature encoding in predictive process monitoring},
	author={Senderovich, Arik and Di Francescomarino, Chiara and Maggi, Fabrizio Maria},
	journal={Information Systems},
	volume={84},
	pages={255--264},
	year={2019},
	publisher={Elsevier}
}

@article{pedregosa2011scikit,
	title={Scikit-learn: Machine learning in Python},
	author={Pedregosa, Fabian and Varoquaux, Ga{\"e}l and Gramfort, Alexandre and Michel, Vincent and Thirion, Bertrand and Grisel, Olivier and Blondel, Mathieu and Prettenhofer, Peter and Weiss, Ron and Dubourg, Vincent and others},
	journal={the Journal of machine Learning research},
	volume={12},
	pages={2825--2830},
	year={2011},
	publisher={JMLR. org}
}

@misc{4TU,
	title = {4TU Centre for Research Data},
	howpublished = {\url{https://researchdata.4tu.nl/}},
	%note = {Accessed: 2010-09-30}
}

@inproceedings{pnueli1977temporal,
	title={The temporal logic of programs},
	author={Pnueli, Amir},
	booktitle={18th Annual Symposium on Foundations of Computer Science (sfcs 1977)},
	pages={46--57},
	year={1977},
	organization={IEEE}
}

@article{gunther2014xes,
	title={Xes standard definition},
	author={G{\"u}nther, Christian W and Verbeek, Eric},
	journal={Fluxicon Process Laboratories (November 2009)},
	year={2014}
}

@article{kotsiantis2006data,
	title={Data preprocessing for supervised leaning},
	author={Kotsiantis, SB and Kanellopoulos, Dimitris and Pintelas, PE},
	journal={International Journal of Computer Science},
	volume={1},
	number={2},
	pages={111--117},
	year={2006},
	publisher={Citeseer}
}
@misc{mitchell1997machine,
	title={Machine learning},
	author={Mitchell, Tom M and others},
	year={1997},
	publisher={McGraw-hill New York}
}

@phdthesis{rozumnyi2017dashboard,
	title={A dashboard-based predictive process monitoring engine},
	author={Rozumnyi, Andrii},
	year={2017},
	school={Master’s thesis. University of Tartu}
}

@article{cudredata,
	title={Data-Driven Process Discovery and Analysis},
	author={Cudre-Mauroux, Philippe and Ceravolo, Paolo and Ga{\v{s}}evic, Dragan},
	publisher={Springer}
}

@article{demvsar2006statistical,
	title={Statistical comparisons of classifiers over multiple data sets},
	author={Dem{\v{s}}ar, Janez},
	journal={Journal of Machine learning research},
	volume={7},
	number={Jan},
	pages={1--30},
	year={2006}
}

@inproceedings{lundberg2017unified,
	title={A unified approach to interpreting model predictions},
	author={Lundberg, Scott M and Lee, Su-In},
	booktitle={Advances in neural information processing systems},
	pages={4765--4774},
	year={2017}
}

@article{lundberg2018consistent,
	title={Consistent individualized feature attribution for tree ensembles},
	author={Lundberg, Scott M and Erion, Gabriel G and Lee, Su-In},
	journal={arXiv preprint arXiv:1802.03888},
	year={2018}
}

@book{dumas2013fundamentals,
	title={Fundamentals of business process management},
	author={Dumas, Marlon and La Rosa, Marcello and Mendling, Jan and Reijers, Hajo A and others},
	volume={1},
	year={2018},
	publisher={Springer}
}







@ARTICLE{bao2004activity,
  author = {Bao, L. and Intille, S.S.},
  title = {Activity recognition from user-annotated acceleration data},
  journal = {Pervasive Computing},
  year = {2004},
  pages = {1--17},
  owner = {Huber_Flores},
  publisher = {Springer},
  timestamp = {2011.05.18}
}

@ARTICLE{chen2000survey,
  author = {Chen, G. and Kotz, D.},
  title = {A survey of context-aware mobile computing research},
  year = {2000},
  owner = {huber},
  publisher = {Technical Report TR2000-381, Dept. of Computer Science, Dartmouth
	College},
  timestamp = {2012.02.08}
}

@INPROCEEDINGS{paper:mcm,
  author = {H. Flores and S. N. Srirama and C. Paniagua},
  title = {{A Generic Middleware Framework for Handling Process Intensive Hybrid
	Cloud Services from Mobiles}},
  booktitle = {The 9th International Conference on Advances in Mobile Computing
	\& Multimedia (MoMM-2011)},
  year = {2011},
  pages = {87-95},
  publisher = {ACM},
  owner = {Huber_Flores},
  timestamp = {2011.10.06}
}

@INPROCEEDINGS{SriramaETAL:MWSP.06,
  author = {Satish Narayana Srirama and Matthias Jarke and Wolfgang Prinz},
  title = {Mobile Web Service provisioning},
  booktitle = {AICT-ICIW '06: Advanced Int. Conf. on Telecommunications and Int.
	Conf. on Internet and Web Applications and Services},
  year = {2006},
  pages = {120},
  publisher = {IEEE Computer Society},
  isbn = {0-7695-2522-9},
  owner = {srirama},
  timestamp = {2011.02.13}
}

@comment{jabref-meta: selector_publisher:}

@comment{jabref-meta: selector_author:}

@comment{jabref-meta: selector_journal:}

@comment{jabref-meta: selector_keywords:}

